@phdthesis{phdthesis,
author = {Fankhauser, PÃ©ter and Gwerder, Corsin},
year = {2010},
month = {06},
pages = {},
title = {Modeling and Control of a Ballbot}
}

#Formatar depois
https://essay.utwente.nl/65559/1/vanderBlonk_MSc_EEMCS.pdf
https://www.youtube.com/watch?v=HCKUdEtMk7Y&t=4118s&ab_channel=umrobotics
https://www.youtube.com/watch?v=MVAvgaW5twc&ab_channel=umrobotics
https://www.ele.uri.edu/courses/ele503/f18/paper.pdf